@article{hall2012systematic,
  title={A systematic literature review on fault prediction performance in software engineering},
  author={Hall, Tracy and Beecham, Sarah and Bowes, David and Gray, David and Counsell, Steve},
  journal={IEEE Transactions on Software Engineering},
  volume={38},
  number={6},
  pages={1276--1304},
  year={2012},
  publisher={IEEE}
}
@inproceedings{nagappan2006mining,
  title={Mining metrics to predict component failures},
  author={Nagappan, Nachiappan and Ball, Thomas and Zeller, Andreas},
  booktitle={Proceedings of the 28th international conference on Software engineering},
  pages={452--461},
  year={2006},
  organization={ACM}
}
@inproceedings{hassan2009predicting,
  title={Predicting faults using the complexity of code changes},
  author={Hassan, Ahmed E},
  booktitle={Proceedings of the 31st International Conference on Software Engineering},
  pages={78--88},
  year={2009},
  organization={IEEE Computer Society}
}
@inproceedings{kim2007predicting,
  title={Predicting faults from cached history},
  author={Kim, Sunghun and Zimmermann, Thomas and Whitehead Jr, E James and Zeller, Andreas},
  booktitle={Proceedings of the 29th international conference on Software Engineering},
  pages={489--498},
  year={2007},
  organization={IEEE Computer Society}
}
@article{song2011general,
  title={A general software defect-proneness prediction framework},
  author={Song, Qinbao and Jia, Zihan and Shepperd, Martin and Ying, Shi and Liu, Jin},
  journal={IEEE Transactions on Software Engineering},
  volume={37},
  number={3},
  pages={356--370},
  year={2011},
  publisher={IEEE}
}
@article{song2006software,
  title={Software defect association mining and defect correction effort prediction},
  author={Song, Qinbao and Shepperd, Martin and Cartwright, Michelle and Mair, Carolyn},
  journal={IEEE Transactions on Software Engineering},
  volume={32},
  number={2},
  pages={69--82},
  year={2006},
  publisher={IEEE}
}
@inproceedings{bird2009putting,
  title={Putting it all together: Using socio-technical networks to predict failures},
  author={Bird, Christian and Nagappan, Nachiappan and Gall, Harald and Murphy, Brendan and Devanbu, Premkumar},
  booktitle={2009 20th International Symposium on Software Reliability Engineering},
  pages={109--119},
  year={2009},
  organization={IEEE}
}
@inproceedings{zimmermann2008predicting,
  title={Predicting defects using network analysis on dependency graphs},
  author={Zimmermann, Thomas and Nagappan, Nachiappan},
  booktitle={Proceedings of the 30th international conference on Software engineering},
  pages={531--540},
  year={2008},
  organization={ACM}
}
@inproceedings{tantithamthavorn2016automated,
  title={Automated parameter optimization of classification techniques for defect prediction models},
  author={Tantithamthavorn, Chakkrit and McIntosh, Shane and Hassan, Ahmed E and Matsumoto, Kenichi},
  booktitle={Proceedings of the 38th International Conference on Software Engineering},
  pages={321--332},
  year={2016},
  organization={ACM}
}
@article{fu2016tuning,
  title={Tuning for software analytics: Is it really necessary?},
  author={Fu, Wei and Menzies, Tim and Shen, Xipeng},
  journal={Information and Software Technology},
  volume={76},
  pages={135--146},
  year={2016},
  publisher={Elsevier}
}
@article{agrawal2016wrong,
  title={What is wrong with topic modeling?(and how to fix it using search-based se)},
  author={Agrawal, Amritanshu and Fu, Wei and Menzies, Tim},
  journal={arXiv preprint arXiv:1608.08176},
  year={2016}
}
@inproceedings{d2010extensive,
  title={An extensive comparison of bug prediction approaches},
  author={D'Ambros, Marco and Lanza, Michele and Robbes, Romain},
  booktitle={2010 7th IEEE Working Conference on Mining Software Repositories (MSR 2010)},
  pages={31--41},
  year={2010},
  organization={IEEE}
}
@article{menzies2007data,
  title={Data mining static code attributes to learn defect predictors},
  author={Menzies, Tim and Greenwald, Jeremy and Frank, Art},
  journal={IEEE transactions on software engineering},
  volume={33},
  number={1},
  pages={2--13},
  year={2007},
  publisher={IEEE}
}
@article{chawla2002smote,
  title={SMOTE: synthetic minority over-sampling technique},
  author={Chawla, Nitesh V. and Bowyer, Kevin W. and Hall, Lawrence O. and Kegelmeyer, W. Philip},
  journal={Journal of artificial intelligence research},
  volume={16},
  pages={321--357},
  year={2002}
}
@article{radjenovic2013software,
  title={Software fault prediction metrics: A systematic literature review},
  author={Radjenovi{\'c}, Danijel and Heri{\v{c}}ko, Marjan and Torkar, Richard and {\v{Z}}ivkovi{\v{c}}, Ale{\v{s}}},
  journal={Information and Software Technology},
  volume={55},
  number={8},
  pages={1397--1418},
  year={2013},
  publisher={Elsevier}
}
@article{catal2009systematic,
  title={A systematic review of software fault prediction studies},
  author={Catal, Cagatay and Diri, Banu},
  journal={Expert systems with applications},
  volume={36},
  number={4},
  pages={7346--7354},
  year={2009},
  publisher={Elsevier}
}
@article{shepperd2014researcher,
  title={Researcher bias: The use of machine learning in software defect prediction},
  author={Shepperd, Martin and Bowes, David and Hall, Tracy},
  journal={IEEE Transactions on Software Engineering},
  volume={40},
  number={6},
  pages={603--616},
  year={2014},
  publisher={IEEE}
}
@inproceedings{ghotra2015revisiting,
  title={Revisiting the impact of classification techniques on the performance of defect prediction models},
  author={Ghotra, Baljinder and McIntosh, Shane and Hassan, Ahmed E},
  booktitle={Proceedings of the 37th International Conference on Software Engineering-Volume 1},
  pages={789--800},
  year={2015},
  organization={IEEE Press}
}
@article{lessmann2008benchmarking,
  title={Benchmarking classification models for software defect prediction: A proposed framework and novel findings},
  author={Lessmann, Stefan and Baesens, Bart and Mues, Christophe and Pietsch, Swantje},
  journal={IEEE Transactions on Software Engineering},
  volume={34},
  number={4},
  pages={485--496},
  year={2008},
  publisher={IEEE}
}
@article{kuhn2015caret,
  title={Caret: classification and regression training},
  author={Kuhn, Max},
  journal={Astrophysics Source Code Library},
  volume={1},
  pages={05003},
  year={2015}
}
@inproceedings{koru2005investigation,
  title={An investigation of the effect of module size on defect prediction using static measures},
  author={Koru, A G{\"u}nes and Liu, Hongfang},
  booktitle={ACM SIGSOFT Software Engineering Notes},
  volume={30},
  number={4},
  pages={1--5},
  year={2005},
  organization={ACM}
}
@inproceedings{mende2010replication,
  title={Replication of defect prediction studies: problems, pitfalls and recommendations},
  author={Mende, Thilo},
  booktitle={Proceedings of the 6th International Conference on Predictive Models in Software Engineering},
  pages={5},
  year={2010},
  organization={ACM}
}
@inproceedings{jiang2008can,
  title={Can data transformation help in the detection of fault-prone modules?},
  author={Jiang, Yue and Cukic, Bojan and Menzies, Tim},
  booktitle={Proceedings of the 2008 workshop on Defects in large software systems},
  pages={16--20},
  year={2008},
  organization={ACM}
}
@inproceedings{tosun2009reducing,
  title={Reducing false alarms in software defect prediction by decision threshold optimization},
  author={Tosun, Ayse and Bener, Ayse},
  booktitle={Proceedings of the 2009 3rd International Symposium on Empirical Software Engineering and Measurement},
  pages={477--480},
  year={2009},
  organization={IEEE Computer Society}
}
@article{menzies2012special,
  title={Special issue on repeatable results in software engineering prediction},
  author={Menzies, Tim and Shepperd, Martin},
  journal={Empirical Software Engineering},
  volume={17},
  number={1},
  pages={1--17},
  year={2012},
  publisher={Springer}
}
@article{mittas2013ranking,
  title={Ranking and clustering software cost estimation models through a multiple comparisons algorithm},
  author={Mittas, Nikolaos and Angelis, Lefteris},
  journal={IEEE Transactions on Software Engineering},
  volume={39},
  number={4},
  pages={537--551},
  year={2013},
  publisher={IEEE}
}
@article{storn1997differential,
  title={Differential evolution--a simple and efficient heuristic for global optimization over continuous spaces},
  author={Storn, Rainer and Price, Kenneth},
  journal={Journal of global optimization},
  volume={11},
  number={4},
  pages={341--359},
  year={1997},
  publisher={Springer}
}