@article{hall2012systematic,
  title={A systematic literature review on fault prediction performance in software engineering},
  author={Hall, Tracy and Beecham, Sarah and Bowes, David and Gray, David and Counsell, Steve},
  journal={IEEE Transactions on Software Engineering},
  volume={38},
  number={6},
  pages={1276--1304},
  year={2012},
  publisher={IEEE}
}
@inproceedings{nagappan2006mining,
  title={Mining metrics to predict component failures},
  author={Nagappan, Nachiappan and Ball, Thomas and Zeller, Andreas},
  booktitle={Proceedings of the 28th international conference on Software engineering},
  pages={452--461},
  year={2006},
  organization={ACM}
}
@inproceedings{hassan2009predicting,
  title={Predicting faults using the complexity of code changes},
  author={Hassan, Ahmed E},
  booktitle={Proceedings of the 31st International Conference on Software Engineering},
  pages={78--88},
  year={2009},
  organization={IEEE Computer Society}
}
@inproceedings{kim2007predicting,
  title={Predicting faults from cached history},
  author={Kim, Sunghun and Zimmermann, Thomas and Whitehead Jr, E James and Zeller, Andreas},
  booktitle={Proceedings of the 29th international conference on Software Engineering},
  pages={489--498},
  year={2007},
  organization={IEEE Computer Society}
}
@article{song2011general,
  title={A general software defect-proneness prediction framework},
  author={Song, Qinbao and Jia, Zihan and Shepperd, Martin and Ying, Shi and Liu, Jin},
  journal={IEEE Transactions on Software Engineering},
  volume={37},
  number={3},
  pages={356--370},
  year={2011},
  publisher={IEEE}
}
@article{song2006software,
  title={Software defect association mining and defect correction effort prediction},
  author={Song, Qinbao and Shepperd, Martin and Cartwright, Michelle and Mair, Carolyn},
  journal={IEEE Transactions on Software Engineering},
  volume={32},
  number={2},
  pages={69--82},
  year={2006},
  publisher={IEEE}
}
@inproceedings{bird2009putting,
  title={Putting it all together: Using socio-technical networks to predict failures},
  author={Bird, Christian and Nagappan, Nachiappan and Gall, Harald and Murphy, Brendan and Devanbu, Premkumar},
  booktitle={2009 20th International Symposium on Software Reliability Engineering},
  pages={109--119},
  year={2009},
  organization={IEEE}
}
@inproceedings{zimmermann2008predicting,
  title={Predicting defects using network analysis on dependency graphs},
  author={Zimmermann, Thomas and Nagappan, Nachiappan},
  booktitle={Proceedings of the 30th international conference on Software engineering},
  pages={531--540},
  year={2008},
  organization={ACM}
}
@inproceedings{tantithamthavorn2016automated,
  title={Automated parameter optimization of classification techniques for defect prediction models},
  author={Tantithamthavorn, Chakkrit and McIntosh, Shane and Hassan, Ahmed E and Matsumoto, Kenichi},
  booktitle={Proceedings of the 38th International Conference on Software Engineering},
  pages={321--332},
  year={2016},
  organization={ACM}
}
@article{fu2016tuning,
  title={Tuning for software analytics: Is it really necessary?},
  author={Fu, Wei and Menzies, Tim and Shen, Xipeng},
  journal={Information and Software Technology},
  volume={76},
  pages={135--146},
  year={2016},
  publisher={Elsevier}
}
@article{agrawal2016wrong,
  title={What is wrong with topic modeling?(and how to fix it using search-based se)},
  author={Agrawal, Amritanshu and Fu, Wei and Menzies, Tim},
  journal={arXiv preprint arXiv:1608.08176},
  year={2016}
}
@inproceedings{d2010extensive,
  title={An extensive comparison of bug prediction approaches},
  author={D'Ambros, Marco and Lanza, Michele and Robbes, Romain},
  booktitle={2010 7th IEEE Working Conference on Mining Software Repositories (MSR 2010)},
  pages={31--41},
  year={2010},
  organization={IEEE}
}
@article{menzies2007data,
  title={Data mining static code attributes to learn defect predictors},
  author={Menzies, Tim and Greenwald, Jeremy and Frank, Art},
  journal={IEEE transactions on software engineering},
  volume={33},
  number={1},
  pages={2--13},
  year={2007},
  publisher={IEEE}
}
@article{chawla2002smote,
  title={SMOTE: synthetic minority over-sampling technique},
  author={Chawla, Nitesh V. and Bowyer, Kevin W. and Hall, Lawrence O. and Kegelmeyer, W. Philip},
  journal={Journal of artificial intelligence research},
  volume={16},
  pages={321--357},
  year={2002}
}
@article{radjenovic2013software,
  title={Software fault prediction metrics: A systematic literature review},
  author={Radjenovi{\'c}, Danijel and Heri{\v{c}}ko, Marjan and Torkar, Richard and {\v{Z}}ivkovi{\v{c}}, Ale{\v{s}}},
  journal={Information and Software Technology},
  volume={55},
  number={8},
  pages={1397--1418},
  year={2013},
  publisher={Elsevier}
}
@article{catal2009systematic,
  title={A systematic review of software fault prediction studies},
  author={Catal, Cagatay and Diri, Banu},
  journal={Expert systems with applications},
  volume={36},
  number={4},
  pages={7346--7354},
  year={2009},
  publisher={Elsevier}
}
@article{shepperd2014researcher,
  title={Researcher bias: The use of machine learning in software defect prediction},
  author={Shepperd, Martin and Bowes, David and Hall, Tracy},
  journal={IEEE Transactions on Software Engineering},
  volume={40},
  number={6},
  pages={603--616},
  year={2014},
  publisher={IEEE}
}
@inproceedings{ghotra2015revisiting,
  title={Revisiting the impact of classification techniques on the performance of defect prediction models},
  author={Ghotra, Baljinder and McIntosh, Shane and Hassan, Ahmed E},
  booktitle={Proceedings of the 37th International Conference on Software Engineering-Volume 1},
  pages={789--800},
  year={2015},
  organization={IEEE Press}
}
@article{chidamber1994metrics,
  title={A metrics suite for object oriented design},
  author={Chidamber, Shyam R and Kemerer, Chris F},
  journal={IEEE Transactions on software engineering},
  volume={20},
  number={6},
  pages={476--493},
  year={1994},
  publisher={IEEE}
}
@inproceedings{jureczko2010towards,
  title={Towards identifying software project clusters with regard to defect prediction},
  author={Jureczko, Marian and Madeyski, Lech},
  booktitle={Proceedings of the 6th International Conference on Predictive Models in Software Engineering},
  pages={9},
  year={2010},
  organization={ACM}
}
@article{pedregosa2011scikit,
  title={Scikit-learn: Machine learning in Python},
  author={Pedregosa, Fabian and Varoquaux, Ga{\"e}l and Gramfort, Alexandre and Michel, Vincent and Thirion, Bertrand and Grisel, Olivier and Blondel, Mathieu and Prettenhofer, Peter and Weiss, Ron and Dubourg, Vincent and others},
  journal={Journal of Machine Learning Research},
  volume={12},
  number={Oct},
  pages={2825--2830},
  year={2011}
}
@article{scott1974cluster,
  title={A cluster analysis method for grouping means in the analysis of variance},
  author={Scott, ANDREW JHON and Knott, M},
  journal={Biometrics},
  pages={507--512},
  year={1974},
  publisher={JSTOR}
}
@article{tantithamthavorn2015empirical,
  title={An empirical comparison of model validation techniques for defect prediction models},
  author={Tantithamthavorn, Chakkrit and McIntosh, Shane and Hassan, Ahmed and Matsumoto, Kenichi},
  journal={IEEE Transactions on Software Engineering},
  year={2015},
  publisher={IEEE}
}
@inproceedings{pelayo2007applying,
  title={Applying novel resampling strategies to software defect prediction},
  author={Pelayo, Lourdes and Dick, Scott},
  booktitle={NAFIPS 2007-2007 Annual Meeting of the North American Fuzzy Information Processing Society},
  pages={69--72},
  year={2007},
  organization={IEEE}
}
@article{wang2013using,
  title={Using class imbalance learning for software defect prediction},
  author={Wang, Shuo and Yao, Xin},
  journal={IEEE Transactions on Reliability},
  volume={62},
  number={2},
  pages={434--443},
  year={2013},
  publisher={IEEE}
}
@inproceedings{gray2009using,
  title={Using the support vector machine as a classification method for software defect prediction with static code metrics},
  author={Gray, David and Bowes, David and Davey, Neil and Sun, Yi and Christianson, Bruce},
  booktitle={International Conference on Engineering Applications of Neural Networks},
  pages={223--234},
  year={2009},
  organization={Springer}
}